@book {analyticcombinatorics,
    AUTHOR = {Flajolet, Philippe and Sedgewick, Robert},
     TITLE = {Analytic combinatorics},
 PUBLISHER = {Cambridge University Press, Cambridge},
      YEAR = {2009},
     PAGES = {xiv+810},
      ISBN = {978-0-521-89806-5},
   MRCLASS = {05-02 (05A15 05A16 60C05 60E10 82-01)},
  MRNUMBER = {2483235},
       DOI = {10.1017/CBO9780511801655},
       URL = {https://doi.org/10.1017/CBO9780511801655},
}

@article{singularityanalysis,
  author    = {Philippe Flajolet and
               Andrew M. Odlyzko},
  title     = {Singularity Analysis of Generating Functions},
  journal   = {{SIAM} J. Discrete Math.},
  volume    = {3},
  number    = {2},
  pages     = {216--240},
  year      = {1990},
  url       = {https://doi.org/10.1137/0403019},
  doi       = {10.1137/0403019},
  timestamp = {Fri, 26 May 2017 22:54:48 +0200},
  biburl    = {https://dblp.org/rec/journals/siamdm/FlajoletO90.bib},
  bibsource = {dblp computer science bibliography, https://dblp.org}
}

@book {numbertheory1,
    AUTHOR = {Apostol, Tom M.},
     TITLE = {Introduction to analytic number theory},
      NOTE = {Undergraduate Texts in Mathematics},
 PUBLISHER = {Springer-Verlag, New York-Heidelberg},
      YEAR = {1976},
     PAGES = {xii+338},
   MRCLASS = {10-01 (10AXX 10HXX)},
  MRNUMBER = {0434929},
MRREVIEWER = {E. Grosswald},
}

@book {complexanalysis,
    AUTHOR = {Lang, Serge},
     TITLE = {Complex analysis},
    SERIES = {Graduate Texts in Mathematics},
    VOLUME = {103},
   EDITION = {Fourth},
 PUBLISHER = {Springer-Verlag, New York},
      YEAR = {1999},
     PAGES = {xiv+485},
      ISBN = {0-387-98592-1},
   MRCLASS = {30-01},
  MRNUMBER = {1659317},
       DOI = {10.1007/978-1-4757-3083-8},
       URL = {https://doi.org/10.1007/978-1-4757-3083-8},
}

@book {algebra2,
    AUTHOR = {Lang, Serge},
     TITLE = {Algebra},
    SERIES = {Graduate Texts in Mathematics},
    VOLUME = {211},
   EDITION = {third},
 PUBLISHER = {Springer-Verlag, New York},
      YEAR = {2002},
     PAGES = {xvi+914},
      ISBN = {0-387-95385-X},
   MRCLASS = {00A05 (15-02)},
  MRNUMBER = {1878556},
       DOI = {10.1007/978-1-4613-0041-0},
       URL = {https://doi.org/10.1007/978-1-4613-0041-0},
}

@book {numbertheory2,
    AUTHOR = {Tenenbaum, G\'{e}rald},
     TITLE = {Introduction to analytic and probabilistic number theory},
    SERIES = {Graduate Studies in Mathematics},
    VOLUME = {163},
   EDITION = {Third},
      NOTE = {Translated from the 2008 French edition by Patrick D. F. Ion},
 PUBLISHER = {American Mathematical Society, Providence, RI},
      YEAR = {2015},
     PAGES = {xxiv+629},
      ISBN = {978-0-8218-9854-3},
   MRCLASS = {11-02 (11Kxx 11Mxx 11Nxx)},
  MRNUMBER = {3363366},
}

@book {subgroupgrowth,
    AUTHOR = {Lubotzky, Alexander and Segal, Dan},
     TITLE = {Subgroup growth},
    SERIES = {Progress in Mathematics},
    VOLUME = {212},
 PUBLISHER = {Birkh\"{a}user Verlag, Basel},
      YEAR = {2003},
     PAGES = {xxii+453},
      ISBN = {3-7643-6989-2},
   MRCLASS = {20E07 (20E18 20E26 20F69)},
  MRNUMBER = {1978431},
MRREVIEWER = {Avinoam Mann},
       DOI = {10.1007/978-3-0348-8965-0},
       URL = {https://doi.org/10.1007/978-3-0348-8965-0},
}

@book {generatingfunctions,
    AUTHOR = {Wilf, Herbert S.},
     TITLE = {generatingfunctionology},
   EDITION = {Second},
 PUBLISHER = {Academic Press Inc., Boston, MA},
      YEAR = {1994},
     PAGES = {x+228},
      ISBN = {0-12-751956-4},
   MRCLASS = {05A15 (05-02)},
  MRNUMBER = {1277813},
}

@book {generatingfunctions2,
    AUTHOR = {Lando, S. K.},
     TITLE = {Lectures on generating functions},
    SERIES = {Student Mathematical Library},
    VOLUME = {23},
      NOTE = {Translated from the 2002 Russian original by the author},
 PUBLISHER = {American Mathematical Society, Providence, RI},
      YEAR = {2003},
     PAGES = {xvi+148},
      ISBN = {0-8218-3481-9},
   MRCLASS = {05-01 (05A15 33C90)},
  MRNUMBER = {2013270},
MRREVIEWER = {Eric S. Egge},
       DOI = {10.1090/stml/023},
       URL = {https://doi.org/10.1090/stml/023},
}


@online{conjsn,
  author = {ProofWiki},
  title = {Conjugacy Classes of Symmetric Group},
  year = 2016,
  url = {https://proofwiki.org/wiki/Conjugacy_Classes_of_Symmetric_Group},
  urldate = {2020-04-02}
}



@online{wmtest,
  author = {ProofWiki},
  title = {Weierstrass M-Test},
  year = 2016,
  url = {https://proofwiki.org/wiki/Weierstrass_M-Test},
  urldate = {2020-04-02}
}

@book {algebra,
    AUTHOR = {Hungerford, Thomas W.},
     TITLE = {Algebra},
 PUBLISHER = {Holt, Rinehart and Winston Inc., New York-Montreal,
              Que.-London},
      YEAR = {1974},
     PAGES = {xix+502},
   MRCLASS = {00A05},
  MRNUMBER = {0354211},
MRREVIEWER = {F. De Meyer},
}

@article {subgroupsoffiniteindex,
    AUTHOR = {Grunewald, F. J. and Segal, D. and Smith, G. C.},
     TITLE = {Subgroups of finite index in nilpotent groups},
   JOURNAL = {Invent. Math.},
  FJOURNAL = {Inventiones Mathematicae},
    VOLUME = {93},
      YEAR = {1988},
    NUMBER = {1},
     PAGES = {185--223},
      ISSN = {0020-9910},
   MRCLASS = {11M41 (03C10 03C60 20F18)},
  MRNUMBER = {943928},
MRREVIEWER = {Daniel Barsky},
       DOI = {10.1007/BF01393692},
       URL = {https://doi.org/10.1007/BF01393692},
}

@misc{vollspaper,
    title={Generalized Igusa functions and ideal growth in nilpotent Lie rings},
    author={Angela Carnevale and Michael M. Schein and Christopher Voll},
    year={2019},
    eprint={1903.03090},
    archivePrefix={arXiv},
    primaryClass={math.RA}
}

@book {modernanalysis,
    AUTHOR = {Whittaker, E. T. and Watson, G. N.},
     TITLE = {A course of modern analysis},
    SERIES = {Cambridge Mathematical Library},
      NOTE = {An introduction to the general theory of infinite processes
              and of analytic functions; with an account of the principal
              transcendental functions,
              Reprint of the fourth (1927) edition},
 PUBLISHER = {Cambridge University Press, Cambridge},
      YEAR = {1996},
     PAGES = {vi+608},
      ISBN = {0-521-58807-3},
   MRCLASS = {01A75 (30-01 33-01)},
  MRNUMBER = {1424469},
       DOI = {10.1017/CBO9780511608759},
       URL = {https://doi.org/10.1017/CBO9780511608759},
}


